<?xml version="1.0" encoding="UTF-8"?><record xmlns="http://www.loc.gov/MARC21/slim" xmlns:cinclude="http://apache.org/cocoon/include/1.0" xmlns:zs="http://www.loc.gov/zing/srw/">
  <leader>00490nz  a2200145n  4500</leader>
  <controlfield tag="001">n 2013013993</controlfield>
  <controlfield tag="003">DLC</controlfield>
  <controlfield tag="005">20130316093355.0</controlfield>
  <controlfield tag="008">130315n| azannaabn          |b aaa      </controlfield>
  <datafield tag="010" ind1=" " ind2=" ">
    <subfield code="a">n 2013013993</subfield>
  </datafield>
  <datafield tag="040" ind1=" " ind2=" ">
    <subfield code="a">DLC</subfield>
    <subfield code="b">eng</subfield>
    <subfield code="c">DLC</subfield>
    <subfield code="e">rda</subfield>
  </datafield>
  <datafield tag="100" ind1="1" ind2=" ">
    <subfield code="a">Miyanishi, Kaori</subfield>
  </datafield>
  <datafield tag="400" ind1="1" ind2=" ">
    <subfield code="a">宮西香穂里</subfield>
  </datafield>
  <datafield tag="667" ind1=" " ind2=" ">
    <subfield code="a">Non-Latin script reference not evaluated</subfield>
  </datafield>
  <datafield tag="670" ind1=" " ind2=" ">
    <subfield code="a">Okinawa gunjin-zuma no kenkyū, 2012:</subfield>
    <subfield code="b">t.p. (宮西香穂里, Miyanishi Kaori) colophon (r.; w. Zainichi Beigun Okinawa Chōsei Jimusho)</subfield>
  </datafield>
</record>